<record><leader>00000cas a22000007a 4500</leader><controlfield tag="001">10075430</controlfield><controlfield tag="008">831031d18911904ksuwr ne      0   a0eng d</controlfield><datafield ind1=" " ind2=" " tag="010"><subfield code="a">sn 83040759 </subfield></datafield><datafield ind1=" " ind2=" " tag="040"><subfield code="a">KSH</subfield><subfield code="b">eng</subfield><subfield code="c">KSH</subfield><subfield code="d">NPT</subfield><subfield code="d">OCLCQ</subfield></datafield><datafield ind1=" " ind2=" " tag="042"><subfield code="a">msc</subfield></datafield><datafield ind1=" " ind2=" " tag="043"><subfield code="a">n-us-ks</subfield></datafield><datafield ind1="0" ind2=" " tag="130"><subfield code="a">Cheyenne County rustler (Saint Francis, Kan. : 1891)</subfield></datafield><datafield ind1="1" ind2="0" tag="245"><subfield code="a">Cheyenne County rustler.</subfield></datafield><datafield ind1=" " ind2=" " tag="260"><subfield code="a">St. Francis, Kan. :</subfield><subfield code="b">Dennison &amp; Smith,</subfield><subfield code="c">1891-1904.</subfield></datafield><datafield ind1=" " ind2=" " tag="300"><subfield code="a">14 v. :</subfield><subfield code="b">ill. ;</subfield><subfield code="c">60 cm.</subfield></datafield><datafield ind1=" " ind2=" " tag="310"><subfield code="a">Weekly</subfield></datafield><datafield ind1="0" ind2=" " tag="362"><subfield code="a">Vol. 7, no. 23 (Nov. 19, 1891)-v. 20, no. 3 (June 16, 1904).</subfield></datafield><datafield ind1=" " ind2=" " tag="500"><subfield code="a">Published on Thursday.</subfield></datafield><datafield ind1=" " ind2=" " tag="500"><subfield code="a">Editor: C.E. Dennison.</subfield></datafield><datafield ind1=" " ind2=" " tag="530"><subfield code="a">Available on microfilm from Micro Photo.</subfield></datafield><datafield ind1="1" ind2=" " tag="700"><subfield code="a">Dennison, C. E.</subfield></datafield><datafield ind1=" " ind2=" " tag="752"><subfield code="a">United States</subfield><subfield code="b">Kansas</subfield><subfield code="c">Cheyenne</subfield><subfield code="d">Saint Francis.</subfield></datafield><datafield ind1="0" ind2="0" tag="780"><subfield code="t">Cheyenne County rustler-review</subfield><subfield code="w">(DLC)sn 83040758</subfield></datafield><datafield ind1="0" ind2="7" tag="785"><subfield code="t">Kansas eagle</subfield><subfield code="w">(DLC)sn 83040749</subfield></datafield><datafield ind1="0" ind2="7" tag="785"><subfield code="t">Kansas eagle-rustler</subfield><subfield code="w">(DLC)sn 83040755</subfield></datafield><datafield ind1="1" ind2=" " tag="029"><subfield code="a">AU@</subfield><subfield code="b">000025803185</subfield></datafield></record>